@article{Alice13,
title = {Demostration of bibliography items},
author = {Alice Axford and Bob Birkin and Charlie Copper and Danny Dannford},
year = {2013},
month = {Mar},
journal = {Journal of \TeX perts},
volume = {36},
number = {7},
pages = {114-120}}

@book{caimin2006,
title = {UML 基础和 Rose 建模教程},
address = {北京},
author = {蔡敏 and 徐慧慧 and 黄柄强},
publisher = {人民邮电出版社},
year = {2006},
month = {1}
}